@software{MachineLearningProjects_2023,
    author = {Wiseth, Brage and Heyerdahl, Felix Camerer and Jahr, Eirik Bjørnson},
    month = nov,
    title = {{MachineLearningProjects}},
    howpublished = "\url{https://github.com/bragewiseth/MachineLearningProjects}",
    version = {1.0.0},
    year = {2023}
}


@software{gpt,
    author = {OpenAI},
    title = {Chat-GPT},
    note = {Some of the code and formulations are developed with the help from Chat-GPT},
    url = {https://openai.com/chatgpt},
    howpublished = "\url{https://openai.com/chatgpt}",
    year = {2023}
}



@software{fys-stk,
    author = {Morten Hjorth-Jensen},
    title = {FYS-STK4155/3155 Applied Data Analysis and Machine Learning},
    url = {https://compphysics.github.io/MachineLearning/doc/LectureNotes/_build/html/intro.html},
    howpublished = "\url{https://compphysics.github.io/MachineLearning/doc/LectureNotes/_build/html/intro.html}",
    year = {2021},
    note = {accessed 18.12.2023}
}


@misc{hu2022neuralpde,
      title={Neural-PDE: A RNN based neural network for solving time dependent PDEs}, 
      author={Yihao Hu and Tong Zhao and Shixin Xu and Zhiliang Xu and Lizhen Lin},
      year={2022},
      eprint={2009.03892},
      archivePrefix={arXiv},
      primaryClass={math.NA}
}


@misc{krishnapriyan2021characterizing,
    title={Characterizing possible failure modes in physics-informed neural networks}, 
    author={Aditi S. Krishnapriyan and Amir Gholami and Shandian Zhe and Robert M. Kirby and Michael W. Mahoney},
    year={2021},
    eprint={2109.01050},
    archivePrefix={arXiv},
    primaryClass={cs.LG}
}



@misc{tensorflow2015-whitepaper,
title={ {TensorFlow}: Large-Scale Machine Learning on Heterogeneous Systems},
url={https://www.tensorflow.org/},
note={Software available from tensorflow.org},
author={
    Mart\'{i}n~Abadi and
    Ashish~Agarwal and
    Paul~Barham and
    Eugene~Brevdo and
    Zhifeng~Chen and
    Craig~Citro and
    Greg~S.~Corrado and
    Andy~Davis and
    Jeffrey~Dean and
    Matthieu~Devin and
    Sanjay~Ghemawat and
    Ian~Goodfellow and
    Andrew~Harp and
    Geoffrey~Irving and
    Michael~Isard and
    Yangqing Jia and
    Rafal~Jozefowicz and
    Lukasz~Kaiser and
    Manjunath~Kudlur and
    Josh~Levenberg and
    Dandelion~Man\'{e} and
    Rajat~Monga and
    Sherry~Moore and
    Derek~Murray and
    Chris~Olah and
    Mike~Schuster and
    Jonathon~Shlens and
    Benoit~Steiner and
    Ilya~Sutskever and
    Kunal~Talwar and
    Paul~Tucker and
    Vincent~Vanhoucke and
    Vijay~Vasudevan and
    Fernanda~Vi\'{e}gas and
    Oriol~Vinyals and
    Pete~Warden and
    Martin~Wattenberg and
    Martin~Wicke and
    Yuan~Yu and
    Xiaoqiang~Zheng},
  year={2015},
}



@article{lstm,
author = {Hochreiter, Sepp and Schmidhuber, Jürgen},
year = {1997},
month = {12},
pages = {1735-80},
title = {Long Short-term Memory},
volume = {9},
journal = {Neural computation},
doi = {10.1162/neco.1997.9.8.1735}
}
